<record xmlns="http://www.loc.gov/MARC21/slim">
   <leader>01915cam a22003614a 45 0</leader>
   <controlfield tag="001">6758221</controlfield>
   <controlfield tag="003">OCoLC</controlfield>
   <controlfield tag="005">20150205155653.0</controlfield>
   <controlfield tag="008">150205s2015    dcua     b    000 0 eng d</controlfield>
   <datafield ind1=" " ind2=" " tag="020">
      <subfield code="a">9781938113086</subfield>
   </datafield>
   <datafield ind1=" " ind2=" " tag="020">
      <subfield code="a">193811308X</subfield>
   </datafield>
   <datafield ind1=" " ind2=" " tag="035">
      <subfield code="a">ocn902817790</subfield>
   </datafield>
   <datafield ind1=" " ind2=" " tag="040">
      <subfield code="a">CNKEY</subfield>
      <subfield code="c">CNKEY</subfield>
      <subfield code="d">AFMK</subfield>
   </datafield>
   <datafield ind1=" " ind2=" " tag="090">
      <subfield code="a">LB 1140.5 A7 E968 2015</subfield>
      <subfield code="b">GAPC</subfield>
   </datafield>
   <datafield ind1=" " ind2=" " tag="090">
      <subfield code="a">LB 1140.5 A7 E968 2015</subfield>
      <subfield code="b">AFMK</subfield>
   </datafield>
   <datafield ind1="0" ind2="0" tag="245">
      <subfield code="a">Expressing creativity in preschool /</subfield>
      <subfield code="c">from the editors of Teaching Young Children.</subfield>
   </datafield>
   <datafield ind1=" " ind2=" " tag="260">
      <subfield code="a">Washington, D.C. :</subfield>
      <subfield code="b">National Association for the Education of Young Children,</subfield>
      <subfield code="c">c2015.</subfield>
   </datafield>
   <datafield ind1=" " ind2=" " tag="300">
      <subfield code="a">117 pages :</subfield>
      <subfield code="b">color illustrations ;</subfield>
      <subfield code="c">20 cm.</subfield>
   </datafield>
   <datafield ind1=" " ind2=" " tag="336">
      <subfield code="a">text</subfield>
      <subfield code="b">txt</subfield>
      <subfield code="2">rdacontent</subfield>
   </datafield>
   <datafield ind1=" " ind2=" " tag="337">
      <subfield code="a">unmediated</subfield>
      <subfield code="b">n</subfield>
      <subfield code="2">rdamedia</subfield>
   </datafield>
   <datafield ind1=" " ind2=" " tag="338">
      <subfield code="a">volume</subfield>
      <subfield code="b">nc</subfield>
      <subfield code="2">rdacarrier</subfield>
   </datafield>
   <datafield ind1="1" ind2=" " tag="490">
      <subfield code="a">NAEYC ;</subfield>
      <subfield code="v">#7225</subfield>
   </datafield>
   <datafield ind1=" " ind2=" " tag="500">
      <subfield code="a">"What every preschool teacher needs! Filled with practical strategies and useful information on art, music and movement, and dramatic play, this book offers learning center ideas, engaging activities, practical suggestions that are easy to implement, ideas that support the development and learning of every preschooler, [&amp;] children's book recommendations."-- p. [4] of cover.</subfield>
   </datafield>
   <datafield ind1=" " ind2=" " tag="500">
      <subfield code="a">"Much of the content in this book is adapted from Teaching Young Children (TYC), NAEYC's award-winning magazine ..."--p. [120]</subfield>
   </datafield>
   <datafield ind1=" " ind2=" " tag="504">
      <subfield code="a">Includes bibliographical references.</subfield>
   </datafield>
   <datafield ind1=" " ind2=" " tag="596">
      <subfield code="a">8 28</subfield>
   </datafield>
   <datafield ind1=" " ind2="0" tag="650">
      <subfield code="a">Art</subfield>
      <subfield code="x">Study and teaching (Preschool)</subfield>
   </datafield>
   <datafield ind1=" " ind2="0" tag="650">
      <subfield code="a">Children's art.</subfield>
   </datafield>
   <datafield ind1=" " ind2="0" tag="650">
      <subfield code="a">Child development.</subfield>
   </datafield>
   <datafield ind1="2" ind2=" " tag="710">
      <subfield code="a">National Association for the Education of Young Children.</subfield>
   </datafield>
   <datafield ind1=" " ind2="0" tag="830">
      <subfield code="a">NAEYC ;</subfield>
      <subfield code="v">#7225.</subfield>
   </datafield>
   <datafield ind1=" " ind2=" " tag="926">
      <subfield code="a">LB 1140.5 A7 E968 2015</subfield>
      <subfield code="w">LC</subfield>
      <subfield code="c">1</subfield>
      <subfield code="i">34917001371959</subfield>
      <subfield code="d">1/24/2017</subfield>
      <subfield code="e">1/24/2017</subfield>
      <subfield code="k">RESERVES</subfield>
      <subfield code="l">ON_SHELF</subfield>
      <subfield code="m">KEYANO</subfield>
      <subfield code="n">3</subfield>
      <subfield code="p">$57.95</subfield>
      <subfield code="r">Y</subfield>
      <subfield code="s">Y</subfield>
      <subfield code="t">BOOK</subfield>
      <subfield code="u">12/12/2014</subfield>
      <subfield code="o">.STAFF. Rec'd Jan/15 Alibris</subfield>
   </datafield>
   <datafield ind1=" " ind2=" " tag="926">
      <subfield code="a">LB 1140.5 A7 E968 2015</subfield>
      <subfield code="w">LC</subfield>
      <subfield code="c">1</subfield>
      <subfield code="i">31847001272803</subfield>
      <subfield code="d">2/2/2017</subfield>
      <subfield code="e">1/15/2017</subfield>
      <subfield code="l">ON_SHELF</subfield>
      <subfield code="m">GPRC_GP</subfield>
      <subfield code="n">3</subfield>
      <subfield code="p">$150.00</subfield>
      <subfield code="r">Y</subfield>
      <subfield code="s">Y</subfield>
      <subfield code="t">BOOK</subfield>
      <subfield code="u">2/10/2015</subfield>
   </datafield>
</record>
